@article{besier2013heu,
  title={Heu oder Haylage in der Pferdef{\"u}tterung im Vergleich},
  author={Besier, Johanna and Strickler, Brigitte and von Niederh{\"a}usern, Ruedi and Wyss, Ueli},
  journal={Agrarforschung Schweiz},
  volume={4},
  number={6},
  pages={264--270},
  year={2013}
}

@article{FrankowLindberg2009,
  doi = {10.1111/j.1365-2494.2009.00689.x},
  url = {https://doi.org/10.1111/j.1365-2494.2009.00689.x},
  year = {2009},
  month = sep,
  publisher = {Wiley},
  volume = {64},
  number = {3},
  pages = {236--245},
  author = {B. E. Frankow-Lindberg and M. Halling and M. H\"{o}glind and J. Forkman},
  title = {Yield and stability of yield of single- and multi-clover grass-clover swards in two contrasting temperate environments},
  journal = {Grass and Forage Science}
}

@article{weggler2020langzeitbeobachtungen,
  title={Langzeitbeobachtungen von Leguminosen Nachsaaten im Dauergr{\"u}nland},
  author={Weggler, K and Thumm, U and Els{\"a}{\ss}er, M},
  journal={Berichte {\"u}ber Landwirtschaft-Zeitschrift f{\"u}r Agrarpolitik und Landwirtschaft},
  volume={48},
  doi = {10.12767/BUEL.V98I2.291},
  url = {http://buel.bmel.de/index.php/buel/article/view/291},
  number={2},
  pages={1--22},
  year={2020}
}

@article{schrammcrop,
  title={Halmgutbergung},
  author={Schramm, Florian and S{\"u}mening, Frederick},
  journal={Jahrbuch Agrartechnik},
  year={2017}
}

@article{bellebaum2008rohricht,
  title={R{\"o}hricht, Kleegras, Stoppelfeld--{\"u}berwinternde Feldv{\"o}gel auf nordostdeutschen {\"O}kolandbaufl{\"a}chen},
  author={Karg, Jochen},
  journal={Vogelwelt},
  volume={129},
  pages={85--96},
  year={2008}
}

@article{sauter2008brockelverluste,
  title={Br{\"o}ckelverluste beim Raufutter},
  author={Sauter, Joachim and Latsch, Roy},
  journal={Informationstag Landtechnik},
  volume={13},
  pages={1-27},
  year={2008}
}


@article{fritz2018ansatz,
  title={Ansatz zu einem ganzheitlichen Vergleich der Kosten und Erl{\"o}se von Bodenheu, Bel{\"u}ftungsheu und Grassilage},
  author={Fritz, Christian},
  journal={Tagungsband zur 45. Viehwirtschaftliche Fachtagung},
  volume={45},
  pages={75--90},
  year={2018}
}

@article{Black2009clover,
 ISSN = {07916833, 20099029},
 URL = {http://www.jstor.org/stable/20720366},
 author = {A.D. Black and A.S. Laidlaw and D.J. Moot and P. O'Kiely},
 journal = {Irish Journal of Agricultural and Food Research},
 number = {2},
 pages = {149--166},
 publisher = {TEAGASC-Agriculture and Food Development Authority},
 title = {Comparative growth and management of white and red clovers},
 volume = {48},
 year = {2009}
}

@article{gruber2015einfluss,
  title={Einfluss verschiedener Heutrocknungsverfahren auf den Futterwert von Wiesenfutter im Vergleich zur Silierung},
  author={Gruber, Leonhard and Resch, Reinhard and Schauer, Anton and Steiner, Barbara and Fasching, Christian},
  journal={Tagungsband zur 42. Viehwirtschaftliche Fachtagung},
  volume={42},
  pages={57--66},
  year={2015}
}


@article{lellmann2005untersuchungen,
  title={Untersuchungen zum N{\"a}hrstoffkreislauf, zur Leistung des Gr{\"u}nlands und der Rinder bei N{\"a}hrstoff-extensiver Mutterkuhhaltung und ausschlie{\ss}licher Gr{\"u}nlandnutzung im Mittelgebirge},
  author={Lellmann, Arno and K{\"u}hbauch, Walter and Schellberg, J{\"u}rgen},
  year={2005},
  publisher={Rheinische Friedrich-Wilhelms-Universit{\"a}t Bonn, Landwirtschaftliche Fakult{\"a}t~…}
}


@article{ledgard2001nitrogen,
  title={Nitrogen fixation by white clover in pastures grazed by dairy cows: Temporal variation and effects of nitrogen fertilization},
  doi = {10.1023/a:1004833804002},
  year = {2001},
  publisher = {Springer Science and Business Media {LLC}},
  volume = {229},
  number = {2},
  pages = {177--187},
  author = {S.F. Ledgard and M.S. Sprosen and J.W. Penno and G.S. Rajendram},
  journal = {Plant and Soil}
}

@article{nyfeler2009strong,
  title={Strong mixture effects among four species in fertilized agricultural grassland led to persistent and consistent transgressive overyielding},
  author={Nyfeler, Daniel and Huguenin-Elie, Olivier and Suter, Matthias and Frossard, Emmanuel and Connolly, John and L{\"u}scher, Andreas},
  journal={Journal of Applied Ecology},
  volume={46},
  number={3},
  pages={683--691},
  year={2009},
  publisher={Wiley Online Library}
}


@article{weggler2050leguminosen,
  title={Leguminosen Nachsaat: zus{\"a}tzliches Protein aus dem Gr{\"u}nland},
  author={Weggler, K and Thumm, U and Els{\"a}{\ss}er, M},
  journal={Gr{\"u}nland 2050 63. Jahrestagung der \ac{AGGF}},
  pages={33-36},
  year={2019}
}


@article{karg1969einfluss,
  title={Der Einflu{\ss} verschiedener Fruchtfolgen, insbesondere mit mehrj{\"a}hrigem Kleegras, auf sch{\"a}dliche und n{\"u}tzliche Mikroarthropoden im Boden},
  author={Karg, Wolfgang},
  journal={Archives of Phytopathology \& Plant Protection},
  volume={5},
  number={5},
  pages={347--371},
  year={1969},
  publisher={Taylor \& Francis}
}

@article{peter2011treibhausgasflusse,
  title={Treibhausgasfl{\"u}sse beim Anbau von Winterweizen und Kleegras},
  author={Peter, J and Schmidt, H and Schilling, R and Munch, JC and H{\"u}lsbergen, K-J},
  year={2011}
}


@article{helmert2003n,
  title={N-Fl{\"u}sse in gemulchtem und geschnittenem Kleegras: Warum Kleegras-Brache im {\"O}kologischen Landbau (OL) die Ertr{\"a}ge der Fruchtfolge nicht erh{\"o}ht},
  author={Helmert, Martin and Heuwinkel, Hauke and Pommer, G{\"u}nther and Gutser, Reinhold and Schmidhalter, Urs},
  journal={DBG-Mitteilungen},
  volume={102},
  number={1},
  pages={347--348},
  year={2003}
}

@article{karg1965larvalsystematische,
  title={Larvalsystematische und phylogenetische Untersuchung},
  author={Karg, Wolfgang},
  journal={Mitteilungen aus dem Museum f{\"u}r Naturkunde in Berlin. Zoologisches Museum und Institut f{\"u}r Spezielle Zoologie (Berlin)},
  volume={41},
  number={2},
  pages={193--340},
  year={1965},
  publisher={Wiley Online Library}
}

@article{engel2013protein,
  title={Protein vom Gr{\"u}nland-Potenziale nutzen},
  author={Engel, Sylvia and Els{\"a}{\ss}er, Martin and Thumm, Ulrich},
  journal={Landinfo},
  volume={1},
  number={2013},
  pages={9--14},
  year={2013}
}


@article{karg1985zwei,
  title={Zwei neue Raubmilbenarten der Untergattung Cosmolaelaps Berlese, 1903 (Gattung Hypoaspis Can, 1884) aus Termitennestern (Acarina, Parasitiformes)},
  author={Karg, Wolfgang},
  journal={Deutsche Entomologische Zeitschrift},
  volume={32},
  number={4-5},
  pages={233--237},
  year={1965},
  publisher={Wiley Online Library}
}

@article{fritz2018wirtschaftliche,
  title={Wirtschaftliche Bewertung von Heutrocknung und Silierung in der Milchproduktion},
  author={Fritz, Christian},
  journal={Austrian Journal of Agricultural Economics and Rural Studies},
  volume={27},
  pages={25--34},
  year={2018},
  publisher={Österreichische Gesellschaft für Agrarökonomie}
}


